<?xml version="1.0" encoding="UTF-8"?><collection xmlns="http://www.loc.gov/MARC21/slim"><record><leader>00637nam--2200169-i-4500</leader><controlfield tag="001">000025216</controlfield><controlfield tag="002">20161230</controlfield><controlfield tag="005">20161230201035</controlfield><controlfield tag="008">060222s1000------------r-----000-0-eng-d</controlfield><datafield ind1=" " ind2=" " tag="040"><subfield code="a">IFIN-HH</subfield></datafield><datafield ind1=" " ind2=" " tag="080"><subfield code="a">537.533.35(061.3)</subfield></datafield><datafield ind1="1" ind2=" " tag="100"><subfield code="a">Valdre, U</subfield></datafield><datafield ind1="1" ind2="0" tag="245"><subfield code="a">Electron microscopy in material science</subfield><subfield code="b">"ettore majorna" international centre for scientific culture 1970 international school of electron microscopy a nato advanced study institute sponsored by cnr-mpi erice, april 4-18</subfield><subfield code="c">U. valdre (ed.)</subfield></datafield><datafield ind1=" " ind2=" " tag="260"><subfield code="a">New York</subfield><subfield code="b">Academic Press</subfield><subfield code="c">1971</subfield></datafield><datafield ind1=" " ind2=" " tag="300"><subfield code="a">XXIII + 757 P</subfield></datafield><datafield ind1=" " ind2=" " tag="852"><subfield code="a">77502</subfield><subfield code="c">537.533.35</subfield></datafield><datafield ind1=" " ind2=" " tag="CAT"><subfield code="a">Sys</subfield><subfield code="c">20110915</subfield><subfield code="h">110609</subfield></datafield></record></collection>